@misc{yang2020vocgan,
    title={VocGAN: A High-Fidelity Real-time Vocoder with a Hierarchically-nested Adversarial Network},
    author={Jinhyeok Yang and Junmo Lee and Youngik Kim and Hoonyoung Cho and Injung Kim},
    year={2020},
    eprint={2007.15256},
    archivePrefix={arXiv},
    primaryClass={eess.AS}
}
@misc{zhou2018visual,
      title={Visual to Sound: Generating Natural Sound for Videos in the Wild}, 
      author={Yipin Zhou and Zhaowen Wang and Chen Fang and Trung Bui and Tamara L. Berg},
      year={2018},
      eprint={1712.01393},
      archivePrefix={arXiv},
      primaryClass={cs.CV}
}

@misc{mehri2017samplernn,
      title={SampleRNN: An Unconditional End-to-End Neural Audio Generation Model}, 
      author={Soroush Mehri and Kundan Kumar and Ishaan Gulrajani and Rithesh Kumar and Shubham Jain and Jose Sotelo and Aaron Courville and Yoshua Bengio},
      year={2017},
      eprint={1612.07837},
      archivePrefix={arXiv},
      primaryClass={cs.SD}
}

@misc{vasquez2019melnet,
      title={MelNet: A Generative Model for Audio in the Frequency Domain}, 
      author={Sean Vasquez and Mike Lewis},
      year={2019},
      eprint={1906.01083},
      archivePrefix={arXiv},
      primaryClass={eess.AS}
}

@article{Liu_2020,
   title={Unconditional Audio Generation with Generative Adversarial Networks and Cycle Regularization},
   url={http://dx.doi.org/10.21437/Interspeech.2020-1137},
   DOI={10.21437/interspeech.2020-1137},
   journal={Interspeech 2020},
   publisher={ISCA},
   author={Liu, Jen-Yu and Chen, Yu-Hua and Yeh, Yin-Cheng and Yang, Yi-Hsuan},
   year={2020},
   month={Oct}
}

@inproceedings{NEURIPS2019_6804c9bc,
 author = {Kumar, Kundan and Kumar, Rithesh and de Boissiere, Thibault and Gestin, Lucas and Teoh, Wei Zhen and Sotelo, Jose and de Br\'{e}bisson, Alexandre and Bengio, Yoshua and Courville, Aaron C},
 booktitle = {Advances in Neural Information Processing Systems},
 editor = {H. Wallach and H. Larochelle and A. Beygelzimer and F. d\textquotesingle Alch\'{e}-Buc and E. Fox and R. Garnett},
 pages = {},
 publisher = {Curran Associates, Inc.},
 title = {MelGAN: Generative Adversarial Networks for Conditional Waveform Synthesis},
 url = {https://proceedings.neurips.cc/paper/2019/file/6804c9bca0a615bdb9374d00a9fcba59-Paper.pdf},
 volume = {32},
 year = {2019}
}

@misc{wang2018performancenet,
      title={PerformanceNet: Score-to-Audio Music Generation with Multi-Band Convolutional Residual Network}, 
      author={Bryan Wang and Yi-Hsuan Yang},
      year={2018},
      eprint={1811.04357},
      archivePrefix={arXiv},
      primaryClass={cs.SD}
}

@misc{dieleman2018challenge,
      title={The challenge of realistic music generation: modelling raw audio at scale}, 
      author={Sander Dieleman and Aäron van den Oord and Karen Simonyan},
      year={2018},
      eprint={1806.10474},
      archivePrefix={arXiv},
      primaryClass={cs.SD}
}
@INPROCEEDINGS{2019waveglow,  
author={Prenger, Ryan and Valle, Rafael and Catanzaro, Bryan},  booktitle={ICASSP 2019 - 2019 IEEE International Conference on Acoustics, Speech and Signal Processing (ICASSP)},   title={Waveglow: A Flow-based Generative Network for Speech Synthesis},   year={2019},  volume={},  number={},  pages={3617-3621},  doi={10.1109/ICASSP.2019.8683143}}

@misc{mustafa2021stylemelgan,
      title={StyleMelGAN: An Efficient High-Fidelity Adversarial Vocoder with Temporal Adaptive Normalization}, 
      author={Ahmed Mustafa and Nicola Pia and Guillaume Fuchs},
      year={2021},
      eprint={2011.01557},
      archivePrefix={arXiv},
      primaryClass={eess.AS}
}

@misc{chen2020hifisinger,
      title={HiFiSinger: Towards High-Fidelity Neural Singing Voice Synthesis}, 
      author={Jiawei Chen and Xu Tan and Jian Luan and Tao Qin and Tie-Yan Liu},
      year={2020},
      eprint={2009.01776},
      archivePrefix={arXiv},
      primaryClass={eess.AS}
}

@misc{tian2020tfgan,
      title={TFGAN: Time and Frequency Domain Based Generative Adversarial Network for High-fidelity Speech Synthesis}, 
      author={Qiao Tian and Yi Chen and Zewang Zhang and Heng Lu and Linghui Chen and Lei Xie and Shan Liu},
      year={2020},
      eprint={2011.12206},
      archivePrefix={arXiv},
      primaryClass={eess.AS}
}

@misc{mccarthy2020hooligan,
      title={HooliGAN: Robust, High Quality Neural Vocoding}, 
      author={Ollie McCarthy and Zohaib Ahmed},
      year={2020},
      eprint={2008.02493},
      archivePrefix={arXiv},
      primaryClass={eess.AS}
}

@misc{song2021improved,
      title={Improved parallel WaveGAN vocoder with perceptually weighted spectrogram loss}, 
      author={Eunwoo Song and Ryuichi Yamamoto and Min-Jae Hwang and Jin-Seob Kim and Ohsung Kwon and Jae-Min Kim},
      year={2021},
      eprint={2101.07412},
      archivePrefix={arXiv},
      primaryClass={eess.AS}
}

@misc{yamamoto2020parallel,
      title={Parallel WaveGAN: A fast waveform generation model based on generative adversarial networks with multi-resolution spectrogram}, 
      author={Ryuichi Yamamoto and Eunwoo Song and Jae-Min Kim},
      year={2020},
      eprint={1910.11480},
      archivePrefix={arXiv},
      primaryClass={eess.AS}
}

@misc{yoneyama2021unified,
      title={Unified Source-Filter GAN: Unified Source-filter Network Based On Factorization of Quasi-Periodic Parallel WaveGAN}, 
      author={Reo Yoneyama and Yi-Chiao Wu and Tomoki Toda},
      year={2021},
      eprint={2104.04668},
      archivePrefix={arXiv},
      primaryClass={cs.SD}
}

@misc{engel2019gansynth,
      title={GANSynth: Adversarial Neural Audio Synthesis}, 
      author={Jesse Engel and Kumar Krishna Agrawal and Shuo Chen and Ishaan Gulrajani and Chris Donahue and Adam Roberts},
      year={2019},
      eprint={1902.08710},
      archivePrefix={arXiv},
      primaryClass={cs.SD}
}

@misc{jang2021universal,
      title={Universal MelGAN: A Robust Neural Vocoder for High-Fidelity Waveform Generation in Multiple Domains}, 
      author={Won Jang and Dan Lim and Jaesam Yoon},
      year={2021},
      eprint={2011.09631},
      archivePrefix={arXiv},
      primaryClass={eess.AS}
}
@article{Bollepalli_2017,
   title={Generative Adversarial Network-Based Glottal Waveform Model for Statistical Parametric Speech Synthesis},
   url={http://dx.doi.org/10.21437/Interspeech.2017-1288},
   DOI={10.21437/interspeech.2017-1288},
   journal={Interspeech 2017},
   publisher={ISCA},
   author={Bollepalli, Bajibabu and Juvela, Lauri and Alku, Paavo},
   year={2017},
   month={Aug}
}
@misc{neekhara2019expediting,
    title={Expediting TTS Synthesis with Adversarial Vocoding},
    author={Paarth Neekhara and Chris Donahue and Miller Puckette and Shlomo Dubnov and Julian McAuley},
    year={2019},
    eprint={1904.07944},
    archivePrefix={arXiv},
    primaryClass={cs.SD}
}

@article{2018Lee,
  author    = {Chae Young Lee and
               Anoop Toffy and
               Gue Jun Jung and
               Woo{-}Jin Han},
  title     = {Conditional WaveGAN},
  journal   = {CoRR},
  volume    = {abs/1809.10636},
  year      = {2018},
  url       = {http://arxiv.org/abs/1809.10636},
  archivePrefix = {arXiv},
  eprint    = {1809.10636},
  timestamp = {Fri, 05 Oct 2018 11:34:52 +0200},
  biburl    = {https://dblp.org/rec/journals/corr/abs-1809-10636.bib},
  bibsource = {dblp computer science bibliography, https://dblp.org}
}

@inproceedings{2019musictranslation,
    title     = {A Universal Music Translation Network},
    author    = {Noam Mor, Lior Wold, Adam Polyak and Yaniv Taigman},
    booktitle = {International Conference on Learning Representations (ICLR)},
    year      = {2019},
}

@misc{oord2016wavenet,
    title={WaveNet: A Generative Model for Raw Audio},
    author={Aaron van den Oord and Sander Dieleman and Heiga Zen and Karen Simonyan and Oriol Vinyals and Alex Graves and Nal Kalchbrenner and Andrew Senior and Koray Kavukcuoglu},
    year={2016},
    eprint={1609.03499},
    archivePrefix={arXiv},
    primaryClass={cs.SD},
    url={https://deepmind.com/blog/article/wavenet-generative-model-raw-audio}
}
@inproceedings{Engel2020DDSP,
title={DDSP: Differentiable Digital Signal Processing},
author={Jesse Engel and Lamtharn (Hanoi) Hantrakul and Chenjie Gu and Adam Roberts},
booktitle={International Conference on Learning Representations},
year={2020},
url={https://storage.googleapis.com/ddsp/index.html}
}

@misc{oord2017parallel,
    title={Parallel WaveNet: Fast High-Fidelity Speech Synthesis},
    author={Aaron van den Oord and Yazhe Li and Igor Babuschkin and Karen Simonyan and Oriol Vinyals and Koray Kavukcuoglu and George van den Driessche and Edward Lockhart and Luis C. Cobo and Florian Stimberg and Norman Casagrande and Dominik Grewe and Seb Noury and Sander Dieleman and Erich Elsen and Nal Kalchbrenner and Heiga Zen and Alex Graves and Helen King and Tom Walters and Dan Belov and Demis Hassabis},
    year={2017},
    eprint={1711.10433},
    archivePrefix={arXiv},
    primaryClass={cs.LG}
}

@misc{donahue2018adversarial,
    title={Adversarial Audio Synthesis},
    author={Chris Donahue and Julian McAuley and Miller Puckette},
    year={2018},
    eprint={1802.04208},
    archivePrefix={arXiv},
    primaryClass={cs.SD}
}

@misc{madhu2021envgan,
    title={EnvGAN: Adversarial Synthesis of Environmental Sounds for Data Augmentation},
    author={Aswathy Madhu and Suresh K},
    year={2021},
    eprint={2104.07326},
    archivePrefix={arXiv},
    primaryClass={eess.AS}
}

@misc{nistal2021vqcpcgan,
    title={VQCPC-GAN: Variable-length Adversarial Audio Synthesis using Vector-Quantized Contrastive Predictive Coding},
    author={Javier Nistal and Cyran Aouameur and Stefan Lattner and Gaël Richard},
    year={2021},
    eprint={2105.01531},
    archivePrefix={arXiv},
    primaryClass={cs.SD}
}

@misc{nguyen2021nvcnet,
    title={NVC-Net: End-to-End Adversarial Voice Conversion},
    author={Bac Nguyen and Fabien Cardinaux},
    year={2021},
    eprint={2106.00992},
    archivePrefix={arXiv},
    primaryClass={cs.SD}
}

@misc{kim2021fregan,
    title={Fre-GAN: Adversarial Frequency-consistent Audio Synthesis},
    author={Ji-Hoon Kim and Sang-Hoon Lee and Ji-Hyun Lee and Seong-Whan Lee},
    year={2021},
    eprint={2106.02297},
    archivePrefix={arXiv},
    primaryClass={eess.AS}
}

@INPROCEEDINGS{2017Kaneko,  
author={Kaneko, Takuhiro and Kameoka, Hirokazu and Hojo, Nobukatsu and Ijima, Yusuke and Hiramatsu, Kaoru and Kashino, Kunio},  booktitle={2017 IEEE International Conference on Acoustics, Speech and Signal Processing (ICASSP)},   title={Generative adversarial network-based postfilter for statistical parametric speech synthesis},   year={2017},  volume={},  number={},  pages={4910-4914},  doi={10.1109/ICASSP.2017.7953090}}

@inproceedings{2015piczak,
author = {Piczak, Karol J.},
title = {ESC: Dataset for Environmental Sound Classification},
year = {2015},
isbn = {9781450334594},
publisher = {Association for Computing Machinery},
address = {New York, NY, USA},
url = {https://doi.org/10.1145/2733373.2806390},
doi = {10.1145/2733373.2806390},
abstract = {One of the obstacles in research activities concentrating on environmental sound classification is the scarcity of suitable and publicly available datasets. This paper tries to address that issue by presenting a new annotated collection of 2000 short clips comprising 50 classes of various common sound events, and an abundant unified compilation of 250000 unlabeled auditory excerpts extracted from recordings available through the Freesound project. The paper also provides an evaluation of human accuracy in classifying environmental sounds and compares it to the performance of selected baseline classifiers using features derived from mel-frequency cepstral coefficients and zero-crossing rate.},
booktitle = {Proceedings of the 23rd ACM International Conference on Multimedia},
pages = {1015–1018},
numpages = {4},
keywords = {environmental sound, classification, dataset},
location = {Brisbane, Australia},
series = {MM '15}
}

@misc{engel2017neural,
    title={Neural Audio Synthesis of Musical Notes with WaveNet Autoencoders},
    author={Jesse Engel and Cinjon Resnick and Adam Roberts and Sander Dieleman and Douglas Eck and Karen Simonyan and Mohammad Norouzi},
    year={2017},
    eprint={1704.01279},
    archivePrefix={arXiv},
    primaryClass={cs.LG}
}

@misc{mittal2021symbolic,
    title={Symbolic Music Generation with Diffusion Models},
    author={Gautam Mittal and Jesse Engel and Curtis Hawthorne and Ian Simon},
    year={2021},
    eprint={2103.16091},
    archivePrefix={arXiv},
    primaryClass={cs.SD}
}

@inproceedings{ManzelliTSK18,
  author    = {Rachel Manzelli and
               Vijay Thakkar and
               Ali Siahkamari and
               Brian Kulis},
  editor    = {Emilia G{\'{o}}mez and
               Xiao Hu and
               Eric Humphrey and
               Emmanouil Benetos},
  title     = {Conditioning Deep Generative Raw Audio Models for Structured Automatic
               Music},
  booktitle = {Proceedings of the 19th International Society for Music Information
               Retrieval Conference, {ISMIR} 2018, Paris, France, September 23-27,
               2018},
  pages     = {182--189},
  year      = {2018},
  url       = {http://ismir2018.ircam.fr/doc/pdfs/192\_Paper.pdf},
  timestamp = {Thu, 12 Mar 2020 11:33:16 +0100},
  biburl    = {https://dblp.org/rec/conf/ismir/ManzelliTSK18.bib},
  bibsource = {dblp computer science bibliography, https://dblp.org}
}

@misc{huzaifah2020deep,
    title={Deep generative models for musical audio synthesis},
    author={M. Huzaifah and L. Wyse},
    year={2020},
    eprint={2006.06426},
    archivePrefix={arXiv},
    primaryClass={eess.AS}
}

@misc{choi2019encoding,
    title={Encoding Musical Style with Transformer Autoencoders},
    author={Kristy Choi and Curtis Hawthorne and Ian Simon and Monica Dinculescu and Jesse Engel},
    year={2019},
    eprint={1912.05537},
    archivePrefix={arXiv},
    primaryClass={cs.SD}
}

@misc{choi2017tutorial,
    title={A Tutorial on Deep Learning for Music Information Retrieval},
    author={Keunwoo Choi and György Fazekas and Kyunghyun Cho and Mark Sandler},
    year={2017},
    eprint={1709.04396},
    archivePrefix={arXiv},
    primaryClass={cs.CV}
}

@misc{yang2017midinet,
    title={MidiNet: A Convolutional Generative Adversarial Network for Symbolic-domain Music Generation},
    author={Li-Chia Yang and Szu-Yu Chou and Yi-Hsuan Yang},
    year={2017},
    eprint={1703.10847},
    archivePrefix={arXiv},
    primaryClass={cs.SD}
}
@misc{chen2017deep,
    title={Deep Cross-Modal Audio-Visual Generation},
    author={Lele Chen and Sudhanshu Srivastava and Zhiyao Duan and Chenliang Xu},
    year={2017},
    eprint={1704.08292},
    archivePrefix={arXiv},
    primaryClass={cs.CV}
}

@misc{pascual2017segan,
    title={SEGAN: Speech Enhancement Generative Adversarial Network},
    author={Santiago Pascual and Antonio Bonafonte and Joan Serrà},
    year={2017},
    eprint={1703.09452},
    archivePrefix={arXiv},
    primaryClass={cs.LG}
}

@misc{radford2015unsupervised,
    title={Unsupervised Representation Learning with Deep Convolutional Generative Adversarial Networks},
    author={Alec Radford and Luke Metz and Soumith Chintala},
    year={2015},
    eprint={1511.06434},
    archivePrefix={arXiv},
    primaryClass={cs.LG}
}

@misc{mirza2014conditional,
    title={Conditional Generative Adversarial Nets},
    author={Mehdi Mirza and Simon Osindero},
    year={2014},
    eprint={1411.1784},
    archivePrefix={arXiv},
    primaryClass={cs.LG}
}

@misc{arjovsky2017wasserstein,
    title={Wasserstein GAN},
    author={Martin Arjovsky and Soumith Chintala and Léon Bottou},
    year={2017},
    eprint={1701.07875},
    archivePrefix={arXiv},
    primaryClass={stat.ML}
}

@misc{berthelot2017began,
    title={BEGAN: Boundary Equilibrium Generative Adversarial Networks},
    author={David Berthelot and Thomas Schumm and Luke Metz},
    year={2017},
    eprint={1703.10717},
    archivePrefix={arXiv},
    primaryClass={cs.LG}
}

@inproceedings{2017audioset,
title   = {Audio Set: An ontology and human-labeled dataset for audio events},
author  = {Jort F. Gemmeke and Daniel P. W. Ellis and Dylan Freedman and Aren Jansen and Wade Lawrence and R. Channing Moore and Manoj Plakal and Marvin Ritter},
year    = {2017},
booktitle   = {Proc. IEEE ICASSP 2017},
address = {New Orleans, LA}
}

@misc{verma2018neural,
    title={Neural Style Transfer for Audio Spectograms},
    author={Prateek Verma and Julius O. Smith},
    year={2018},
    eprint={1801.01589},
    archivePrefix={arXiv},
    primaryClass={cs.SD}
}

@misc{herremans2017proceedings,
    title={Proceedings of the First International Workshop on Deep Learning and Music},
    author={Dorien Herremans and Ching-Hua Chuan},
    year={2017},
    eprint={1706.08675},
    archivePrefix={arXiv},
    primaryClass={cs.NE}
}

@inproceedings{Briot2018AnET,
  title={An End to End Model for Automatic Music Generation: Combining Deep Raw and Symbolic Audio Networks},
  author={J. Briot and Aluna Carina da Silva Chear and Rachel Manzelli and Vijay Thakkar and Ali Siahkamari and {\'A}udio Bruto and Modelos Simb{\'o}licos and ru{\'i}do e desestruturado and Modelos de {\'A}udio Bruto},
  year={2018}
}

@inproceedings{nicholas_trieu_2018_4285166,
  author       = {Nicholas Trieu and
                  Robert Keller  — BEST PAPER AWARD},
  title        = {{JazzGAN: Improvising with Generative Adversarial 
                   Networks}},
  booktitle    = {{Proceedings of the 6th International Workshop on 
                   Musical Metacreation}},
  year         = 2018,
  pages        = 8,
  publisher    = {MUME},
  address      = {Salamanca, Spain},
  month        = jun,
  venue        = {Salamanca, Spain},
  doi          = {10.5281/zenodo.4285166},
  url          = {https://doi.org/10.5281/zenodo.4285166}
}

@misc{dai2018music,
    title={Music Style Transfer: A Position Paper},
    author={Shuqi Dai and Zheng Zhang and Gus G. Xia},
    year={2018},
    eprint={1803.06841},
    archivePrefix={arXiv},
    primaryClass={cs.SD}
}

@inproceedings{marinos_koutsomichalis_2018_4285178,
  author       = {Marinos Koutsomichalis and
                  Björn Gambäck},
  title        = {{Algorithmic Audio Mashups and Synthetic 
                   Soundscapes Employing Evolvable Media Repositories}},
  booktitle    = {{Proceedings of the 6th International Workshop on 
                   Musical Metacreation}},
  year         = 2018,
  pages        = 8,
  publisher    = {MUME},
  address      = {Salamanca, Spain},
  month        = jun,
  venue        = {Salamanca, Spain},
  doi          = {10.5281/zenodo.4285178},
  url          = {https://doi.org/10.5281/zenodo.4285178}
}

@inproceedings{benjamin_smith_2017_4285238,
  author       = {Benjamin Smith},
  title        = {{Musical Deep Learning: Modeling Temporal 
                   Dependencies for Stylistic Generation}},
  booktitle    = {{Proceedings of the 5th International Workshop on 
                   Musical Metacreation}},
  year         = 2017,
  pages        = 8,
  publisher    = {MUME},
  address      = {Atlanta, United States},
  month        = jun,
  venue        = {Atlanta, United States},
  doi          = {10.5281/zenodo.4285238},
  url          = {https://doi.org/10.5281/zenodo.4285238}
}

@inproceedings{joana_teixeira_2017_4285254,
  author       = {Joana Teixeira and
                  H. Sofia Pinto},
  title        = {Cross-Domain Analogy: From Image to Music},
  booktitle    = {{Proceedings of the 5th International Workshop on 
                   Musical Metacreation}},
  year         = 2017,
  pages        = 8,
  publisher    = {MUME},
  address      = {Atlanta, United States},
  month        = jun,
  venue        = {Atlanta, United States},
  doi          = {10.5281/zenodo.4285254},
  url          = {https://doi.org/10.5281/zenodo.4285254}
}

@inproceedings{lonce_wyse_2018_4285159,
  author       = {Lonce Wyse},
  title        = {{Real-valued parametric conditioning of an RNN for 
                   interactive sound synthesis}},
  booktitle    = {{Proceedings of the 6th International Workshop on 
                   Musical Metacreation}},
  year         = 2018,
  pages        = 6,
  publisher    = {MUME},
  address      = {Salamanca, Spain},
  month        = jun,
  venue        = {Salamanca, Spain},
  doi          = {10.5281/zenodo.4285159},
  url          = {https://doi.org/10.5281/zenodo.4285159}
}

@inproceedings{lamtharn_hantrakul_2019_3527860,
  author       = {Lamtharn Hantrakul and
                  Jesse Engel and
                  Adam Roberts and
                  Chenjie Gu and
                  Lamtharn Hantrakul},
  title        = {Fast and Flexible Neural Audio Synthesis},
  booktitle    = {{Proceedings of the 20th International Society for 
                   Music Information Retrieval Conference}},
  year         = 2019,
  pages        = {524-530},
  publisher    = {ISMIR},
  address      = {Delft, The Netherlands},
  month        = nov,
  venue        = {Delft, The Netherlands},
  doi          = {10.5281/zenodo.3527860},
  url          = {https://doi.org/10.5281/zenodo.3527860}
}

@inproceedings{adam_roberts_2019_4285266,
  author       = {Adam Roberts and
                  Jesse Engel and
                  Yotam Mann and
                  Jon Gillick and
                  Claire Kayacik and
                  Signe Nørly and
                  Monica Dinculescu and
                  Carey Radebaugh and
                  Curtis Hawthorne and
                  Douglas Eck},
  title        = {{Magenta Studio: Augmenting Creativity with Deep 
                   Learning in Ableton Live}},
  booktitle    = {{Proceedings of the 6th International Workshop on 
                   Musical Metacreation}},
  year         = 2019,
  pages        = 7,
  publisher    = {MUME},
  address      = {Charlotte, United States},
  month        = jun,
  venue        = {Charlotte, United States},
  doi          = {10.5281/zenodo.4285266},
  url          = {https://doi.org/10.5281/zenodo.4285266}
}

@inproceedings{javier_nistal_2020_4245504,
  author       = {Javier Nistal and
                  Stefan Lattner and
                  Gaël Richard},
  title        = {{DrumGAN: Synthesis of drum sounds with timbral 
                   feature conditioning using generative adversarial
                   networks}},
  booktitle    = {{Proceedings of the 21st International Society for 
                   Music Information Retrieval Conference}},
  year         = 2020,
  pages        = {590-597},
  publisher    = {ISMIR},
  address      = {Montreal, Canada},
  month        = oct,
  venue        = {Montreal, Canada},
  doi          = {10.5281/zenodo.4245504},
  url          = {https://doi.org/10.5281/zenodo.4245504}
}

@misc{kalchbrenner2018efficient,
    title={Efficient Neural Audio Synthesis},
    author={Nal Kalchbrenner and Erich Elsen and Karen Simonyan and Seb Noury and Norman Casagrande and Edward Lockhart and Florian Stimberg and Aaron van den Oord and Sander Dieleman and Koray Kavukcuoglu},
    year={2018},
    eprint={1802.08435},
    archivePrefix={arXiv},
    primaryClass={cs.SD}
}

@misc{dubnov2019querybased,
    title={Query-based Deep Improvisation},
    author={Shlomo Dubnov},
    year={2019},
    eprint={1906.09155},
    archivePrefix={arXiv},
    primaryClass={cs.SD}
}
@inproceedings{pritish_chandna_2020_4245502,
  author       = {Pritish Chandna and
                  Helena Cuesta and
                  Emilia Gomez},
  title        = {{A deep learning based analysis-synthesis framework 
                   for unison singing}},
  booktitle    = {{Proceedings of the 21st International Society for 
                   Music Information Retrieval Conference}},
  year         = 2020,
  pages        = {598-604},
  publisher    = {ISMIR},
  address      = {Montreal, Canada},
  month        = oct,
  venue        = {Montreal, Canada},
  doi          = {10.5281/zenodo.4245502},
  url          = {https://doi.org/10.5281/zenodo.4245502}
}

@INPROCEEDINGS{kim2018,  
author={Kim, Jong Wook and Salamon, Justin and Li, Peter and Bello, Juan Pablo},  booktitle={2018 IEEE International Conference on Acoustics, Speech and Signal Processing (ICASSP)},   title={Crepe: A Convolutional Representation for Pitch Estimation},   year={2018},  volume={},  number={},  pages={161-165},  doi={10.1109/ICASSP.2018.8461329}}


@article{Chandna_2019,
   title={WGANSing: A Multi-Voice Singing Voice Synthesizer Based on the Wasserstein-GAN},
   ISBN={9789082797039},
   url={http://dx.doi.org/10.23919/EUSIPCO.2019.8903099},
   DOI={10.23919/eusipco.2019.8903099},
   journal={2019 27th European Signal Processing Conference (EUSIPCO)},
   publisher={IEEE},
   author={Chandna, Pritish and Blaauw, Merlijn and Bonada, Jordi and Gomez, Emilia},
   year={2019},
   month={Sep}
}


@misc{petermann2020deep,
    title={Deep Learning Based Source Separation Applied To Choir Ensembles},
    author={Darius Petermann and Pritish Chandna and Helena Cuesta and Jordi Bonada and Emilia Gomez},
    year={2020},
    eprint={2008.07645},
    archivePrefix={arXiv},
    primaryClass={eess.AS}
}

@inproceedings{theis_bazin_2020_4285406,
  author       = {Théis Bazin and
                  Gaëtan Hadjeres and
                  Philippe Esling and
                  Mikhail Malt},
  title        = {{Spectrogram Inpainting for Interactive Generation 
                   of Instrument Sounds}},
  booktitle    = {{Proceedings of the 1st Joint Conference on AI 
                   Music Creativity}},
  year         = 2020,
  pages        = 10,
  publisher    = {AIMC},
  address      = {Stockholm, Sweden},
  month        = oct,
  venue        = {Stockholm, Sweden},
  doi          = {10.5281/zenodo.4285406},
  url          = {https://doi.org/10.5281/zenodo.4285406}
}

@inproceedings{AndersonEP13,
  author    = {Christopher Anderson and
               Arne Eigenfeldt and
               Philippe Pasquier},
  editor    = {Philippe Pasquier and
               Arne Eigenfeldt and
               Oliver Bown and
               Graeme McCaig},
  title     = {The Generative Electronic Dance Music Algorithmic System {(GEDMAS)}},
  booktitle = {Musical Metacreation, Papers from the 2013 {AIIDE} Workshop, October
               14-15, 2013, Boston, Massachusetts, {USA}},
  series    = {{AAAI} Workshops},
  volume    = {{WS-13-22}},
  publisher = {{AAAI} Press},
  year      = {2013},
  url       = {http://www.aaai.org/ocs/index.php/AIIDE/AIIDE13/paper/view/7443},
  timestamp = {Wed, 10 Feb 2021 22:01:18 +0100},
  biburl    = {https://dblp.org/rec/conf/aiide/AndersonEP13.bib},
  bibsource = {dblp computer science bibliography, https://dblp.org}
}

@misc{rosca2017variational,
    title={Variational Approaches for Auto-Encoding Generative Adversarial Networks},
    author={Mihaela Rosca and Balaji Lakshminarayanan and David Warde-Farley and Shakir Mohamed},
    year={2017},
    eprint={1706.04987},
    archivePrefix={arXiv},
    primaryClass={stat.ML}
}

@inproceedings{filip_korzeniowski_2020_4245488,
  author       = {Filip Korzeniowski and
                  Oriol Nieto and
                  Matthew McCallum and
                  Minz Won and
                  Sergio Oramas and
                  Erik Schmidt},
  title        = {Mood classification using listening data},
  booktitle    = {{Proceedings of the 21st International Society for 
                   Music Information Retrieval Conference}},
  year         = 2020,
  pages        = {542-549},
  publisher    = {ISMIR},
  address      = {Montreal, Canada},
  month        = oct,
  venue        = {Montreal, Canada},
  doi          = {10.5281/zenodo.4245488},
  url          = {https://doi.org/10.5281/zenodo.4245488}
}

@inproceedings{stefano_kalonaris_2019_4285268,
  author       = {Stefano Kalonaris and
                  Toby Gifford and
                  Andrew Brown},
  title        = {{Computational Aesthetics and Music: the Ugly, the 
                   Small and the Boring}},
  booktitle    = {{Proceedings of the 6th International Workshop on 
                   Musical Metacreation}},
  year         = 2019,
  pages        = 8,
  publisher    = {MUME},
  address      = {Charlotte, United States},
  month        = jun,
  venue        = {Charlotte, United States},
  doi          = {10.5281/zenodo.4285268},
  url          = {https://doi.org/10.5281/zenodo.4285268}
}

@inproceedings{keunwoo_choi_2019_3527774,
  author       = {Keunwoo Choi and
                  Kyunghyun Cho},
  title        = {Deep Unsupervised Drum Transcription},
  booktitle    = {{Proceedings of the 20th International Society for 
                   Music Information Retrieval Conference}},
  year         = 2019,
  pages        = {183-191},
  publisher    = {ISMIR},
  address      = {Delft, The Netherlands},
  month        = nov,
  venue        = {Delft, The Netherlands},
  doi          = {10.5281/zenodo.3527774},
  url          = {https://doi.org/10.5281/zenodo.3527774}
}

@inproceedings{magdalena_fuentes_2019_3527792,
  author       = {Magdalena Fuentes and
                  Lucas Maia and
                  Martín Rocamora and
                  Luiz Biscainho and
                  Helene-Camille Crayencour and
                  Slim Essid and
                  Juan Bello},
  title        = {{Tracking Beats and Microtiming in Afro-Latin 
                   American Music Using Conditional Random Fields and
                   Deep Learning}},
  booktitle    = {{Proceedings of the 20th International Society for 
                   Music Information Retrieval Conference}},
  year         = 2019,
  pages        = {251-258},
  publisher    = {ISMIR},
  address      = {Delft, The Netherlands},
  month        = nov,
  venue        = {Delft, The Netherlands},
  doi          = {10.5281/zenodo.3527792},
  url          = {https://doi.org/10.5281/zenodo.3527792}
}

@inproceedings{sathwik_tejaswi_madhusudhan_2019_3527862,
  author       = {Sathwik Tejaswi Madhusudhan and
                  Girish Chowdhary},
  title        = {{DeepSRGM - Sequence Classification and Ranking in 
                   Indian Classical Music Via Deep Learning}},
  booktitle    = {{Proceedings of the 20th International Society for 
                   Music Information Retrieval Conference}},
  year         = 2019,
  pages        = {533-540},
  publisher    = {ISMIR},
  address      = {Delft, The Netherlands},
  month        = nov,
  venue        = {Delft, The Netherlands},
  doi          = {10.5281/zenodo.3527862},
  url          = {https://doi.org/10.5281/zenodo.3527862}
}

@inproceedings{ruihan_yang_2019_3527880,
  author       = {Ruihan Yang and
                  Dingsu Wang and
                  Ziyu Wang and
                  Tianyao Chen and
                  Junyan Jiang and
                  Gus Xia},
  title        = {{Deep Music Analogy Via Latent Representation 
                   Disentanglement}},
  booktitle    = {{Proceedings of the 20th International Society for 
                   Music Information Retrieval Conference}},
  year         = 2019,
  pages        = {596-603},
  publisher    = {ISMIR},
  address      = {Delft, The Netherlands},
  month        = nov,
  venue        = {Delft, The Netherlands},
  doi          = {10.5281/zenodo.3527880},
  url          = {https://doi.org/10.5281/zenodo.3527880}
}

@inproceedings{hadrien_foroughmand_2019_3527890,
  author       = {Hadrien Foroughmand and
                  Geoffroy Peeters},
  title        = {Deep-Rhythm for Global Tempo Estimation in Music},
  booktitle    = {{Proceedings of the 20th International Society for 
                   Music Information Retrieval Conference}},
  year         = 2019,
  pages        = {636-643},
  publisher    = {ISMIR},
  address      = {Delft, The Netherlands},
  month        = nov,
  venue        = {Delft, The Netherlands},
  doi          = {10.5281/zenodo.3527890},
  url          = {https://doi.org/10.5281/zenodo.3527890}
}

@inproceedings{harsh_verma_2019_3527866,
  author       = {Harsh Verma and
                  John Thickstun},
  title        = {Convolutional Composer Classification},
  booktitle    = {{Proceedings of the 20th International Society for 
                   Music Information Retrieval Conference}},
  year         = 2019,
  pages        = {549-556},
  publisher    = {ISMIR},
  address      = {Delft, The Netherlands},
  month        = nov,
  venue        = {Delft, The Netherlands},
  doi          = {10.5281/zenodo.3527866},
  url          = {https://doi.org/10.5281/zenodo.3527866}
}

@inproceedings{fu_zih_sing_2019_3527960,
  author       = {Fu Zih-Sing and
                  Li Su},
  title        = {{Hierarchical Classification Networks for Singing 
                   Voice Segmentation and Transcription}},
  booktitle    = {{Proceedings of the 20th International Society for 
                   Music Information Retrieval Conference}},
  year         = 2019,
  pages        = {900-907},
  publisher    = {ISMIR},
  address      = {Delft, The Netherlands},
  month        = nov,
  venue        = {Delft, The Netherlands},
  doi          = {10.5281/zenodo.3527960},
  url          = {https://doi.org/10.5281/zenodo.3527960}
}

@inproceedings{juan_s_gomez_2018_1492481,
  author       = {Juan S. Gómez and
                  Jakob Abeßer and
                  Estefanía Cano},
  title        = {{Jazz Solo Instrument Classification with 
                   Convolutional Neural Networks, Source Separation,
                   and Transfer Learning}},
  booktitle    = {{Proceedings of the 19th International Society for 
                   Music Information Retrieval Conference}},
  year         = 2018,
  pages        = {577-584},
  publisher    = {ISMIR},
  address      = {Paris, France},
  month        = sep,
  venue        = {Paris, France},
  doi          = {10.5281/zenodo.1492481},
  url          = {https://doi.org/10.5281/zenodo.1492481}
}

@inproceedings{saumitra_mishra_2018_1492527,
  author       = {Saumitra Mishra and
                  Bob L. Sturm and
                  Simon Dixon},
  title        = {{Understanding a Deep Machine Listening Model 
                   Through Feature Inversion}},
  booktitle    = {{Proceedings of the 19th International Society for 
                   Music Information Retrieval Conference}},
  year         = 2018,
  pages        = {755-762},
  publisher    = {ISMIR},
  address      = {Paris, France},
  month        = sep,
  venue        = {Paris, France},
  doi          = {10.5281/zenodo.1492527},
  url          = {https://doi.org/10.5281/zenodo.1492527}
}

@inproceedings{magdalena_fuentes_2018_1492355,
  author       = {Magdalena Fuentes and
                  Brian McFee and
                  Hélène C. Crayencour and
                  Slim Essid and
                  Juan Pablo Bello},
  title        = {{Analysis of Common Design Choices in Deep Learning 
                   Systems for Downbeat Tracking}},
  booktitle    = {{Proceedings of the 19th International Society for 
                   Music Information Retrieval Conference}},
  year         = 2018,
  pages        = {106-112},
  publisher    = {ISMIR},
  address      = {Paris, France},
  month        = sep,
  venue        = {Paris, France},
  doi          = {10.5281/zenodo.1492355},
  url          = {https://doi.org/10.5281/zenodo.1492355}
}

@inproceedings{rachel_manzelli_2018_1492375,
  author       = {Rachel Manzelli and
                  Vijay Thakkar and
                  Ali Siahkamari and
                  Brian Kulis},
  title        = {{Conditioning Deep Generative Raw Audio Models for 
                   Structured Automatic Music}},
  booktitle    = {{Proceedings of the 19th International Society for 
                   Music Information Retrieval Conference}},
  year         = 2018,
  pages        = {182-189},
  publisher    = {ISMIR},
  address      = {Paris, France},
  month        = sep,
  venue        = {Paris, France},
  doi          = {10.5281/zenodo.1492375},
  url          = {https://doi.org/10.5281/zenodo.1492375}
}

@inproceedings{hao_wen_dong_2018_1492377,
  author       = {Hao-Wen Dong and
                  Yi-Hsuan Yang},
  title        = {{Convolutional Generative Adversarial Networks with 
                   Binary Neurons for Polyphonic Music Generation}},
  booktitle    = {{Proceedings of the 19th International Society for 
                   Music Information Retrieval Conference}},
  year         = 2018,
  pages        = {190-196},
  publisher    = {ISMIR},
  address      = {Paris, France},
  month        = sep,
  venue        = {Paris, France},
  doi          = {10.5281/zenodo.1492377},
  url          = {https://doi.org/10.5281/zenodo.1492377}
}

@inproceedings{lukas_tuggener_2018_1492401,
  author       = {Lukas Tuggener and
                  Ismail Elezi and
                  Jürgen Schmidhuber and
                  Thilo Stadelmann},
  title        = {{Deep Watershed Detector for Music Object 
                   Recognition}},
  booktitle    = {{Proceedings of the 19th International Society for 
                   Music Information Retrieval Conference}},
  year         = 2018,
  pages        = {271-278},
  publisher    = {ISMIR},
  address      = {Paris, France},
  month        = sep,
  venue        = {Paris, France},
  doi          = {10.5281/zenodo.1492401},
  url          = {https://doi.org/10.5281/zenodo.1492401}
}

@inproceedings{reinier_de_valk_2018_1492403,
  author       = {Reinier de Valk and
                  Tillman Weyde},
  title        = {{Deep Neural Networks with Voice Entry Estimation 
                   Heuristics for Voice Separation in Symbolic Music
                   Representations}},
  booktitle    = {{Proceedings of the 19th International Society for 
                   Music Information Retrieval Conference}},
  year         = 2018,
  pages        = {281-288},
  publisher    = {ISMIR},
  address      = {Paris, France},
  month        = sep,
  venue        = {Paris, France},
  doi          = {10.5281/zenodo.1492403},
  url          = {https://doi.org/10.5281/zenodo.1492403}
}

@inproceedings{remi_delbouys_2018_1492427,
  author       = {Rémi Delbouys and
                  Romain Hennequin and
                  Francesco Piccoli and
                  Jimena Royo-Letelier and
                  Manuel Moussallam},
  title        = {{Music Mood Detection Based on Audio and Lyrics 
                   with Deep Neural Net}},
  booktitle    = {{Proceedings of the 19th International Society for 
                   Music Information Retrieval Conference}},
  year         = 2018,
  pages        = {370-375},
  publisher    = {ISMIR},
  address      = {Paris, France},
  month        = sep,
  venue        = {Paris, France},
  doi          = {10.5281/zenodo.1492427},
  url          = {https://doi.org/10.5281/zenodo.1492427}
}

@inproceedings{siddharth_gururani_2018_1492479,
  author       = {Siddharth Gururani and
                  Cameron Summers and
                  Alexander Lerch},
  title        = {{Instrument Activity Detection in Polyphonic Music 
                   using Deep Neural Networks}},
  booktitle    = {{Proceedings of the 19th International Society for 
                   Music Information Retrieval Conference}},
  year         = 2018,
  pages        = {569-576},
  publisher    = {ISMIR},
  address      = {Paris, France},
  month        = sep,
  venue        = {Paris, France},
  doi          = {10.5281/zenodo.1492479},
  url          = {https://doi.org/10.5281/zenodo.1492479}
}

@inproceedings{andreas_jansson_2017_1414934,
  author       = {Andreas Jansson and
                  Eric J. Humphrey and
                  Nicola Montecchio and
                  Rachel s. Bittner and
                  Aparna Kumar and
                  Tillman Weyde},
  title        = {{Singing Voice Separation with Deep U-Net 
                   Convolutional Networks.}},
  booktitle    = {{Proceedings of the 18th International Society for 
                   Music Information Retrieval Conference}},
  year         = 2017,
  pages        = {745-751},
  publisher    = {ISMIR},
  address      = {Suzhou, China},
  month        = oct,
  venue        = {Suzhou, China},
  doi          = {10.5281/zenodo.1414934},
  url          = {https://doi.org/10.5281/zenodo.1414934}
}

@inproceedings{sergio_oramas_2017_1417427,
  author       = {Sergio Oramas and
                  Oriol Nieto and
                  Francesco Barbieri and
                  Xavier Serra},
  title        = {{Multi-Label Music Genre Classification from Audio, 
                   Text and Images Using Deep Features.}},
  booktitle    = {{Proceedings of the 18th International Society for 
                   Music Information Retrieval Conference}},
  year         = 2017,
  pages        = {23-30},
  publisher    = {ISMIR},
  address      = {Suzhou, China},
  month        = oct,
  venue        = {Suzhou, China},
  doi          = {10.5281/zenodo.1417427},
  url          = {https://doi.org/10.5281/zenodo.1417427}
}
@inproceedings{rachel_m_bittner_2017_1417937,
  author       = {Rachel M. Bittner and
                  Brian McFee and
                  Justin Salamon and
                  Peter Li and
                  Juan Pablo Bello},
  title        = {{Deep Salience Representations for F0 Estimation in 
                   Polyphonic Music.}},
  booktitle    = {{Proceedings of the 18th International Society for 
                   Music Information Retrieval Conference}},
  year         = 2017,
  pages        = {63-70},
  publisher    = {ISMIR},
  address      = {Suzhou, China},
  month        = oct,
  venue        = {Suzhou, China},
  doi          = {10.5281/zenodo.1417937},
  url          = {https://doi.org/10.5281/zenodo.1417937}
}

@inproceedings{akira_maezawa_2017_1415520,
  author       = {Akira Maezawa},
  title        = {{Fast and Accurate: Improving a Simple Beat Tracker 
                   with a Selectively-Applied Deep Beat
                   Identification.}},
  booktitle    = {{Proceedings of the 18th International Society for 
                   Music Information Retrieval Conference}},
  year         = 2017,
  pages        = {309-315},
  publisher    = {ISMIR},
  address      = {Suzhou, China},
  month        = oct,
  venue        = {Suzhou, China},
  doi          = {10.5281/zenodo.1415520},
  url          = {https://doi.org/10.5281/zenodo.1415520}
}

@ARTICLE{2019Purwins,
    author={Purwins, Hendrik and Li, Bo and Virtanen, Tuomas and Schlüter, Jan and Chang, Shuo-Yiin and Sainath, Tara},
    journal={IEEE Journal of Selected Topics in Signal Processing}, 
    title={Deep Learning for Audio Signal Processing}, 
    year={2019},
    volume={13},
    number={2},
    pages={206-219},
    doi={10.1109/JSTSP.2019.2908700}
}


@INPROCEEDINGS{2021Li,
    author={Li, Tingle and Chen, Jiawei and Hou, Haowen and Li, Ming},
    booktitle={2021 12th International Symposium on Chinese Spoken Language Processing (ISCSLP)}, 
    title={Sams-Net: A Sliced Attention-based Neural Network for Music Source Separation}, 
    year={2021},
    volume={},
    number={},
    pages={1-5},
    doi={10.1109/ISCSLP49672.2021.9362081}
}


@ARTICLE{2006TaoLi,
  author={Tao Li and Ogihara, M.},
  journal={IEEE Transactions on Multimedia}, 
  title={Toward intelligent music information retrieval}, 
  year={2006},
  volume={8},
  number={3},
  pages={564-574},
  doi={10.1109/TMM.2006.870730}
}


@misc{ramírez2021differentiable,
      title={Differentiable Signal Processing With Black-Box Audio Effects}, 
      author={Marco A. Martínez Ramírez and Oliver Wang and Paris Smaragdis and Nicholas J. Bryan},
      year={2021},
      eprint={2105.04752},
      archivePrefix={arXiv},
      primaryClass={eess.AS}
}

@INPROCEEDINGS{2021Cho,
  author={Cho, Youngwoo and Chang, Minwook and Lee, Sanghyeon and Lee, Hyoungwoo and Kim, Gerard Jounghyun and Choo, Jaegul},
  booktitle={ICASSP 2021 - 2021 IEEE International Conference on Acoustics, Speech and Signal Processing (ICASSP)}, 
  title={Efficient Adversarial Audio Synthesis VIA Progressive Upsampling}, 
  year={2021},
  volume={},
  number={},
  pages={3410-3414},
  doi={10.1109/ICASSP39728.2021.9413954}
}

@article{Briot2017,
  author    = {Jean{-}Pierre Briot and
               Ga{\"{e}}tan Hadjeres and
               Fran{\c{c}}ois Pachet},
  title     = {Deep Learning Techniques for Music Generation - {A} Survey},
  journal   = {CoRR},
  volume    = {abs/1709.01620},
  year      = {2017},
  url       = {http://arxiv.org/abs/1709.01620},
  archivePrefix = {arXiv},
  eprint    = {1709.01620},
  timestamp = {Mon, 13 Aug 2018 16:48:11 +0200},
  biburl    = {https://dblp.org/rec/journals/corr/abs-1709-01620.bib},
  bibsource = {dblp computer science bibliography, https://dblp.org}
}

@article{ChoiJK17,
  author    = {Keunwoo Choi and
               Deokjin Joo and
               Juho Kim},
  title     = {Kapre: On-GPU Audio Preprocessing Layers for a Quick Implementation
               of Deep Neural Network Models with Keras},
  journal   = {CoRR},
  volume    = {abs/1706.05781},
  year      = {2017},
  url       = {http://arxiv.org/abs/1706.05781},
  archivePrefix = {arXiv},
  eprint    = {1706.05781},
  timestamp = {Thu, 21 Mar 2019 11:19:44 +0100},
  biburl    = {https://dblp.org/rec/journals/corr/ChoiJK17.bib},
  bibsource = {dblp computer science bibliography, https://dblp.org}
}

@article{Choi2021,
  author    = {Keunwoo Choi and
               Yuxuan Wang},
  title     = {Listen, Read, and Identify: Multimodal Singing Language Identification
               of Music},
  journal   = {CoRR},
  volume    = {abs/2103.01893},
  year      = {2021},
  url       = {https://arxiv.org/abs/2103.01893},
  archivePrefix = {arXiv},
  eprint    = {2103.01893},
  timestamp = {Tue, 23 Mar 2021 09:04:28 +0100},
  biburl    = {https://dblp.org/rec/journals/corr/abs-2103-01893.bib},
  bibsource = {dblp computer science bibliography, https://dblp.org}
}

@ARTICLE{Nam2019,
  author={Nam, Juhan and Choi, Keunwoo and Lee, Jongpil and Chou, Szu-Yu and Yang, Yi-Hsuan},
  journal={IEEE Signal Processing Magazine}, 
  title={Deep Learning for Audio-Based Music Classification and Tagging: Teaching Computers to Distinguish Rock from Bach}, 
  year={2019},
  volume={36},
  number={1},
  pages={41-51},
  doi={10.1109/MSP.2018.2874383}
}


@inproceedings{BittnerFRJCK19,
  author    = {Rachel M. Bittner and
               Magdalena Fuentes and
               David Rubinstein and
               Andreas Jansson and
               Keunwoo Choi and
               Thor Kell},
  editor    = {Arthur Flexer and
               Geoffroy Peeters and
               Juli{\'{a}}n Urbano and
               Anja Volk},
  title     = {mirdata: Software for Reproducible Usage of Datasets},
  booktitle = {Proceedings of the 20th International Society for Music Information
               Retrieval Conference, {ISMIR} 2019, Delft, The Netherlands, November
               4-8, 2019},
  pages     = {99--106},
  year      = {2019},
  url       = {http://archives.ismir.net/ismir2019/paper/000009.pdf},
  timestamp = {Thu, 12 Mar 2020 11:32:59 +0100},
  biburl    = {https://dblp.org/rec/conf/ismir/BittnerFRJCK19.bib},
  bibsource = {dblp computer science bibliography, https://dblp.org}
}

@inproceedings{Wyse2017,
    author = {Wyse, Lonce},
    title = {Audio spectrogram representations for processing with convolutional neural networks},
    booktitle  = {Proceedings of the 1st International Workshop on Deep Learning for Music},
    pages = {37–41},
    year = {2017},
    month = {May},
    location = {Anchorage, AK},
}

@article{GatysEB15a,
  author    = {Leon A. Gatys and
               Alexander S. Ecker and
               Matthias Bethge},
  title     = {A Neural Algorithm of Artistic Style},
  journal   = {CoRR},
  volume    = {abs/1508.06576},
  year      = {2015},
  url       = {http://arxiv.org/abs/1508.06576},
  archivePrefix = {arXiv},
  eprint    = {1508.06576},
  timestamp = {Mon, 13 Aug 2018 16:48:03 +0200},
  biburl    = {https://dblp.org/rec/journals/corr/GatysEB15a.bib},
  bibsource = {dblp computer science bibliography, https://dblp.org}
}


@misc{Mordvintsev2015,
  title = {DeepDream},
  authors={Mordvintsev, Alexander and Olah, Christopher and Tyka, Mike},
  howpublished = {\url{https://ai.googleblog.com/2015/06/inceptionism-going-deeper-into-neural.html}},
    year = {2015},
  note = {Accessed: 2021-06}
}

@misc{Bayle2017,
  title = {Deep Learning for Music (DL4M) },
  authors={Yann Bayle},
  howpublished = {\url{https://github.com/ybayle/awesome-deep-learning-music}},
    year = {2017},
  note = {Accessed: 2021-06}
}

@misc{Koray2018,
  title = {Deep Learning with Audio},
  authors={Koray Tahiroglu},
  howpublished = {\url{https://github.com/SopiMlab/DeepLearningWithAudio}},
    year = {2018},
  note = {Accessed: 2021-06}
}

@misc{MuseGanPapers,
  title = {MuseGAN Papers},
  howpublished = {\url{https://salu133445.github.io/musegan/papers}},
  note = {Accessed: 2021-06}
}

@misc{YamNet2020,
  title = {YAMNet},
  howpublished = {\url{https://github.com/tensorflow/models/tree/master/research/audioset/yamnet}},
    author={M. Plakal and D. Ellis},
  note = {Accessed: 2021-06},
  year = {2020}
}


@misc{RothmanBlog,
  title = {What’s wrong with CNNs and spectrograms for audio processing?},
  howpublished = {\url{https://towardsdatascience.com/whats-wrong-with-spectrograms-and-cnns-for-audio-processing-311377d7ccd
}},
    author={Daniel Rothman},
  note = {Accessed: 2021-06}
}


@article{ILSVRC15,
Author = {Olga Russakovsky and Jia Deng and Hao Su and Jonathan Krause and Sanjeev Satheesh and Sean Ma and Zhiheng Huang and Andrej Karpathy and Aditya Khosla and Michael Bernstein and Alexander C. Berg and Li Fei-Fei},
Title = {{ImageNet Large Scale Visual Recognition Challenge}},
Year = {2015},
journal   = {International Journal of Computer Vision (IJCV)},
doi = {10.1007/s11263-015-0816-y},
volume={115},
number={3},
pages={211-252}
}
% 

% bibtexparser
% 
% https://www.audiolabs-erlangen.de/resources/MIR/2017-GI-Tutorial-Musik/2017_MuellerWeissBalke_GI_DeepLearningMIR.pdf

% https://kapre.readthedocs.io/en/latest/index.html


@misc{szegedy2014going,
    title={Going Deeper with Convolutions},
    author={Christian Szegedy and Wei Liu and Yangqing Jia and Pierre Sermanet and Scott Reed and Dragomir Anguelov and Dumitru Erhan and Vincent Vanhoucke and Andrew Rabinovich},
    year={2014},
    eprint={1409.4842},
    archivePrefix={arXiv},
    primaryClass={cs.CV}
}

@misc{mahendran2014understanding,
      title={Understanding Deep Image Representations by Inverting Them}, 
      author={Aravindh Mahendran and Andrea Vedaldi},
      year={2014},
      eprint={1412.0035},
      archivePrefix={arXiv},
      primaryClass={cs.CV}
}


@misc{dosovitskiy2016inverting,
      title={Inverting Visual Representations with Convolutional Networks}, 
      author={Alexey Dosovitskiy and Thomas Brox},
      year={2016},
      eprint={1506.02753},
      archivePrefix={arXiv},
      primaryClass={cs.NE}
}

@misc{simonyan2014deep,
      title={Deep Inside Convolutional Networks: Visualising Image Classification Models and Saliency Maps}, 
      author={Karen Simonyan and Andrea Vedaldi and Andrew Zisserman},
      year={2014},
      eprint={1312.6034},
      archivePrefix={arXiv},
      primaryClass={cs.CV}
}






@misc{Stamenovic2016,
  title = {Deep Dreaming on Audio Spectrograms with Tensorflow},
  howpublished = {\url{https://github.com/markostam/audio-deepdream-tf}},
    author={Marko Stamenovic},
  note = {Accessed: 2021-06},
  year = {2016}
}



@misc{Balke2015,
  title = {DeepDreamEffect},
  howpublished = {\url{https://github.com/stefan-balke/hamr2015-deepdreameffect}},
    author={Christian Dittmar and Stefan Balke},
  note = {Accessed: 2021-06},
  year = {2015}
}



@misc{Foote2016,
  title = {Do Androids Dream of Electric Beats?},
  howpublished = {\url{https://audiostyletransfer.wordpress.com}},
    author={Foote,Davis and Yang,Daylen and Rohaninejad,Mostafa},
  note = {Accessed: 2021-06},
  year = {2016}
}



@misc{Ulyanov2016,
  title = {Audio texture synthesis and style transfer},
  howpublished = {\url{https://dmitryulyanov.github.io/audio-texture-synthesis-and-style-transfer}},
    author={Ulyanov, Dmitry and  Lebedev,Vadim},
  note = {Accessed: 2021-06},
  year = {2016}
}


@misc{Fang2019,
  title = {Voice style transfer with random CNN},
  howpublished = {\url{https://github.com/mazzzystar/randomCNN-voice-transfer}},
    author={Ke Fang},
  note = {Accessed: 2021-06},
  year = {2019}
}



@INPROCEEDINGS{Lim1983,
  author={Griffin, D. and Jae Lim},
  booktitle={ICASSP '83. IEEE International Conference on Acoustics, Speech, and Signal Processing}, 
  title={Signal estimation from modified short-time Fourier transform}, 
  year={1983},
  volume={8},
  number={},
  pages={804-807},
  doi={10.1109/ICASSP.1983.1172092}}


@misc{howard2017mobilenets,
      title={MobileNets: Efficient Convolutional Neural Networks for Mobile Vision Applications}, 
      author={Andrew G. Howard and Menglong Zhu and Bo Chen and Dmitry Kalenichenko and Weijun Wang and Tobias Weyand and Marco Andreetto and Hartwig Adam},
      year={2017},
      eprint={1704.04861},
      archivePrefix={arXiv},
      primaryClass={cs.CV}
}